@incollection{LBP1,
year={2011},
isbn={978-0-85729-747-1},
booktitle={Computer Vision Using Local Binary Patterns},
volume={40},
series={Computational Imaging and Vision},
doi={10.1007/978-0-85729-748-8_2},
title={Local Binary Patterns for Still Images},
url={http://dx.doi.org/10.1007/978-0-85729-748-8_2},
publisher={Springer London},
author={Pietik√§inen, Matti and Hadid, Abdenour and Zhao, Guoying and Ahonen, Timo},
pages={13-47},
language={English}
}


@INPROCEEDINGS{LBPfirst,
author={Ojala, T. and Pietikainen, M. and Harwood, D.},
booktitle={Pattern Recognition, 1994. Vol. 1 - Conference A: Computer Vision amp; Image Processing., Proceedings of the 12th IAPR International Conference on},
title={Performance evaluation of texture measures with classification based on Kullback discrimination of distributions},
year={1994},
volume={1},
pages={582-585 vol.1},
keywords={image texture;Kullback discrimination;classification;complementary features;one-dimensional feature value distributions;performance evaluation;texture measures;Analysis of variance;Autocorrelation;Automation;Distributed computing;Electric variables measurement;Histograms;Image texture analysis;Performance evaluation;Prototypes;Rotation measurement},
doi={10.1109/ICPR.1994.576366},}


@online{lbpcode,
author = { Heikkila, Marko and Ahonen, Timo},
title = {Local Binary Pattern (LBP) implementation for Matlab},
date = {2009-01-14},
url = {http://www.cse.oulu.fi/CMV/Downloads/LBPMatlab},
version = {0.3.2},
}

@book{MATLAB:2013,
year = {2013},
author = {MATLAB},
title = {version 8 (R2013a)},
publisher = {The MathWorks Inc.},
address = {Natick, Massachusetts}
}

@book{Stockman:2001:CV:558008,
 author = {Stockman, George and Shapiro, Linda G.},
 title = {Computer Vision},
 year = {2001},
 isbn = {0130307963},
 edition = {1st},
 publisher = {Prentice Hall PTR},
 address = {Upper Saddle River, NJ, USA},
} 

@thesis{Chan-PHD,
author = {Chan, Chi Ho},
title = {Multi-scale Local Binary Pattern Histogram for Face Recognition},
institution = {University of Surrey},
date = {september 2008},
}

@online{SlidePala,
ALTauthor = {Pala, Pietro},
title = {3.02 - Local Feature - texture description},
date = {2013},
}


